<collection xmlns="http://www.loc.gov/MARC21/slim"><record><leader>00998nam  2200277   450</leader><controlfield tag="001">326</controlfield><controlfield tag="003">http://montalegre.opacnet.com/OPAC/default.aspx?ContentAreaControl=ShowRegHoldings.ascx&amp;RegNo=16662</controlfield><datafield tag="021" ind1=" " ind2=" "><subfield code="a">PT</subfield><subfield code="b">19846/88</subfield></datafield><datafield tag="100" ind1=" " ind2=" "><subfield code="a">20061013d1988----m y0pory0103 ba</subfield></datafield><datafield tag="101" ind1="1" ind2=" "><subfield code="a">por</subfield><subfield code="c">fre</subfield></datafield><datafield tag="102" ind1=" " ind2=" "><subfield code="a">PT</subfield></datafield><datafield tag="200" ind1="1" ind2=" "><subfield code="a">&lt;O &gt;cavaleiro de Maison-Rouge</subfield><subfield code="f">Alexandre Dumas</subfield><subfield code="g">tradução de Maria Gabriela de Bragança</subfield></datafield><datafield tag="210" ind1=" " ind2=" "><subfield code="a">Mem Martins</subfield><subfield code="c">Europa-América</subfield><subfield code="d">1988</subfield></datafield><datafield tag="215" ind1=" " ind2=" "><subfield code="a">2 vols</subfield><subfield code="d">18 cm</subfield></datafield><datafield tag="225" ind1="2" ind2=" "><subfield code="a">Livros de bolso Europa-América</subfield><subfield code="v">498, 499</subfield></datafield><datafield tag="304" ind1=" " ind2=" "><subfield code="a">Tít. orig.: Le chevalier de Maison-Rouge</subfield></datafield><datafield tag="327" ind1="1" ind2=" "><subfield code="a">vol. 1: 171 p</subfield><subfield code="a">vol. 2: 178 p</subfield></datafield><datafield tag="606" ind1="1" ind2=" "><subfield code="a">Literatura francesa</subfield></datafield><datafield tag="608" ind1=" " ind2=" "><subfield code="a">Romance</subfield></datafield><datafield tag="675" ind1=" " ind2=" "><subfield code="a">821</subfield></datafield><datafield tag="700" ind1=" " ind2="1"><subfield code="a">Dumas</subfield><subfield code="b">Alexandre</subfield><subfield code="f">1802-1870</subfield></datafield><datafield tag="702" ind1=" " ind2="1"><subfield code="a">Bragança</subfield><subfield code="b">Maria Gabriela de</subfield><subfield code="4">730</subfield></datafield><datafield tag="801" ind1=" " ind2="0"><subfield code="a">PT</subfield><subfield code="b">Biblioteca Municipal de Montalegre</subfield><subfield code="g">RPC</subfield></datafield><datafield tag="856" ind1=" " ind2=" "><subfield code="u">locateMedia.asp?cod=20060511144150&amp;ext=jpg</subfield><subfield code="z">CAPA</subfield></datafield><datafield tag="856" ind1=" " ind2=" "><subfield code="u">locateMedia.asp?cod=20060511144200&amp;ext=jpg</subfield><subfield code="z">CAPA</subfield></datafield><datafield tag="909" ind1="&#9;" ind2=" "><subfield code="a">2</subfield></datafield><datafield tag="966" ind1=" " ind2=" "><subfield code="a">0005206</subfield><subfield code="l">BMM</subfield><subfield code="s">SCG 821 DUM cav 498</subfield></datafield><datafield tag="966" ind1=" " ind2=" "><subfield code="a">0005207</subfield><subfield code="l">BMM</subfield><subfield code="s">SCG 821 DUM cav 499</subfield></datafield></record></collection>